%% This BibTeX bibliography file was created using BibDesk.
%% http://bibdesk.sourceforge.net/


%% Created for Alexander Afanasyev at 2009-04-09 19:05:51 -0700 


%% Saved with string encoding Unicode (UTF-8) 



@misc{::Route-Views,
	Date-Added = {2009-04-09 18:55:36 -0700},
	Date-Modified = {2009-04-09 18:56:09 -0700},
	Howpublished = {\url{http://routeviews.org/}},
	Title = {{University of Oregon Route Views Project}}}

@misc{::IPv4-Address-Report,
	Date-Added = {2009-04-09 18:42:19 -0700},
	Date-Modified = {2009-04-09 18:42:47 -0700},
	Howpublished = {\url{http://www.potaroo.net/tools/ipv4/}},
	Title = {{IPv4 Address Report}}}

@misc{::BGP-Reports,
	Date-Added = {2009-04-09 18:21:53 -0700},
	Date-Modified = {2009-04-09 18:22:29 -0700},
	Howpublished = {\url{http://bgp.potaroo.net}},
	Title = {{BGP Reports}}}

@misc{Rekhter:1995:RFC1771-BGP,
	Author = {Rekhter, Y. and Li, T. and Hares, S. and others},
	Date-Added = {2009-04-08 21:52:23 -0700},
	Date-Modified = {2009-04-08 21:53:17 -0700},
	Howpublished = {RFC},
	Month = {March},
	Title = {{RFC1771 -- A border gateway protocol 4 (BGP-4)}},
	Year = {1995}}

@conference{Gaertler:2004:Dynamic-analysis,
	Author = {Gaertler, M. and Patrignani, M.},
	Booktitle = {IPS 2004, International Workshop on Inter-domain Performance and Simulation, Budapest, Hungary},
	Date-Added = {2009-04-08 21:24:24 -0700},
	Date-Modified = {2009-04-08 21:24:31 -0700},
	Pages = {13--24},
	Title = {{Dynamic analysis of the autonomous system graph}},
	Year = {2004},
	Bdsk-File-1 = {YnBsaXN0MDDUAQIDBAUGCQpYJHZlcnNpb25UJHRvcFkkYXJjaGl2ZXJYJG9iamVjdHMSAAGGoNEHCFRyb290gAFfEA9OU0tleWVkQXJjaGl2ZXKoCwwXGBkdJCVVJG51bGzTDQ4PEBEUViRjbGFzc1dOUy5rZXlzWk5TLm9iamVjdHOAB6ISE4ACgAOiFRaABIAGWWFsaWFzRGF0YVxyZWxhdGl2ZVBhdGjSDRobHFdOUy5kYXRhgAVPEQIOAAAAAAIOAAIAAAZTeXN0ZW0AAAAAAAAAAAAAAAAAAAAAAAAAAADFOkzaSCsAAACK7SIfRHluYW1pYyBhbmFseXNpcyBvZiAjOEE0QjVELnBkZgAAAAAAAAAAAAAAAAAAAAAAAAAAAAAAAAAAAAAAAAAAAIpLXcYBlF8AAAAAAAAAAAACAAQAAAkgAAAAAAAAAAAAAAAAAAAACEdhZXJ0bGVyABAACAAAxTq9WgAAABEACAAAxgH2zwAAAAEAFACK7SIADlv0AA5a5QAN+tsAAHt9AAIATFN5c3RlbTpVc2VyczpjYXdrYTpEb2N1bWVudHM6UGFwZXJzOkdhZXJ0bGVyOkR5bmFtaWMgYW5hbHlzaXMgb2YgIzhBNEI1RC5wZGYADgBoADMARAB5AG4AYQBtAGkAYwAgAGEAbgBhAGwAeQBzAGkAcwAgAG8AZgAgAHQAaABlACAAYQB1AHQAbwBuAG8AbQBvAHUAcwAgAHMAeQBzAHQAZQBtACAAZwByAGEAcABoAC4AcABkAGYADwAOAAYAUwB5AHMAdABlAG0AEgBZVXNlcnMvY2F3a2EvRG9jdW1lbnRzL1BhcGVycy9HYWVydGxlci9EeW5hbWljIGFuYWx5c2lzIG9mIHRoZSBhdXRvbm9tb3VzIHN5c3RlbSBncmFwaC5wZGYAABMAAS8AABUAAgAM//8AANIeHyAhWCRjbGFzc2VzWiRjbGFzc25hbWWjISIjXU5TTXV0YWJsZURhdGFWTlNEYXRhWE5TT2JqZWN0XxBTLi4vLi4vRG9jdW1lbnRzL1BhcGVycy9HYWVydGxlci9EeW5hbWljIGFuYWx5c2lzIG9mIHRoZSBhdXRvbm9tb3VzIHN5c3RlbSBncmFwaC5wZGbSHh8mJ6InI1xOU0RpY3Rpb25hcnkACAARABoAHwApADIANwA6AD8AQQBTAFwAYgBpAHAAeACDAIUAiACKAIwAjwCRAJMAnQCqAK8AtwC5AssC0ALZAuQC6AL2Av0DBgNcA2EDZAAAAAAAAAIBAAAAAAAAACgAAAAAAAAAAAAAAAAAAANx}}

@inproceedings{Siganos:2002:BGP-Routing:-A-Study,
	Author = {Georgos Siganos},
	Booktitle = {in Proc. IEEE Global Internet},
	Date-Added = {2009-04-08 21:23:31 -0700},
	Date-Modified = {2009-04-08 21:23:41 -0700},
	Title = {{BGP Routing: A Study at Large Time Scale}},
	Year = {2002},
	Bdsk-File-1 = {YnBsaXN0MDDUAQIDBAUGCQpYJHZlcnNpb25UJHRvcFkkYXJjaGl2ZXJYJG9iamVjdHMSAAGGoNEHCFRyb290gAFfEA9OU0tleWVkQXJjaGl2ZXKoCwwXGBkdJCVVJG51bGzTDQ4PEBEUViRjbGFzc1dOUy5rZXlzWk5TLm9iamVjdHOAB6ISE4ACgAOiFRaABIAGWWFsaWFzRGF0YVxyZWxhdGl2ZVBhdGjSDRobHFdOUy5kYXRhgAVPEQH4AAAAAAH4AAIAAAZTeXN0ZW0AAAAAAAAAAAAAAAAAAAAAAAAAAADFOkzaSCsAAACK7PYfQkdQIFJvdXRpbmcvIEEgU3R1ZHkjOEE0OTNELnBkZgAAAAAAAAAAAAAAAAAAAAAAAAAAAAAAAAAAAAAAAAAAAIpJPcYBkuoAAAAAAAAAAAACAAQAAAkgAAAAAAAAAAAAAAAAAAAAB1NpZ2Fub3MAABAACAAAxTq9WgAAABEACAAAxgH1WgAAAAEAFACK7PYADlv0AA5a5QAN+tsAAHt9AAIAS1N5c3RlbTpVc2VyczpjYXdrYTpEb2N1bWVudHM6UGFwZXJzOlNpZ2Fub3M6QkdQIFJvdXRpbmcvIEEgU3R1ZHkjOEE0OTNELnBkZgAADgBaACwAQgBHAFAAIABSAG8AdQB0AGkAbgBnAC8AIABBACAAUwB0AHUAZAB5ACAAYQB0ACAATABhAHIAZwBlACAAVABpAG0AZQAgAFMAYwBhAGwAZQAuAHAAZABmAA8ADgAGAFMAeQBzAHQAZQBtABIAUVVzZXJzL2Nhd2thL0RvY3VtZW50cy9QYXBlcnMvU2lnYW5vcy9CR1AgUm91dGluZzogQSBTdHVkeSBhdCBMYXJnZSBUaW1lIFNjYWxlLnBkZgAAEwABLwAAFQACAAz//wAA0h4fICFYJGNsYXNzZXNaJGNsYXNzbmFtZaMhIiNdTlNNdXRhYmxlRGF0YVZOU0RhdGFYTlNPYmplY3RfEEsuLi8uLi9Eb2N1bWVudHMvUGFwZXJzL1NpZ2Fub3MvQkdQIFJvdXRpbmc6IEEgU3R1ZHkgYXQgTGFyZ2UgVGltZSBTY2FsZS5wZGbSHh8mJ6InI1xOU0RpY3Rpb25hcnkACAARABoAHwApADIANwA6AD8AQQBTAFwAYgBpAHAAeACDAIUAiACKAIwAjwCRAJMAnQCqAK8AtwC5ArUCugLDAs4C0gLgAucC8AM+A0MDRgAAAAAAAAIBAAAAAAAAACgAAAAAAAAAAAAAAAAAAANT}}

@conference{teixeira2004dhp,
	Author = {Teixeira, R. and Shaikh, A. and Griffin, T. and Rexford, J.},
	Booktitle = {Proceedings of the joint international conference on Measurement and modeling of computer systems},
	Date-Added = {2009-04-07 23:37:48 -0700},
	Date-Modified = {2009-04-07 23:37:48 -0700},
	Organization = {ACM New York, NY, USA},
	Pages = {307--319},
	Title = {{Dynamics of hot-potato routing in IP networks}},
	Year = {2004},
	Bdsk-File-1 = {YnBsaXN0MDDUAQIDBAUGCQpYJHZlcnNpb25UJHRvcFkkYXJjaGl2ZXJYJG9iamVjdHMSAAGGoNEHCFRyb290gAFfEA9OU0tleWVkQXJjaGl2ZXKoCwwXGBkdJCVVJG51bGzTDQ4PEBEUViRjbGFzc1dOUy5rZXlzWk5TLm9iamVjdHOAB6ISE4ACgAOiFRaABIAGWWFsaWFzRGF0YVxyZWxhdGl2ZVBhdGjSDRobHFdOUy5kYXRhgAVPEQIIAAAAAAIIAAIAAAZTeXN0ZW0AAAAAAAAAAAAAAAAAAAAAAAAAAADFOkzaSCsAAACKS1QfRHluYW1pY3Mgb2YgaG90LXBvdGEjOEE0QTExLnBkZgAAAAAAAAAAAAAAAAAAAAAAAAAAAAAAAAAAAAAAAAAAAIpKEcYBlD8AAAAAAAAAAAACAAQAAAkgAAAAAAAAAAAAAAAAAAAACFRlaXhlaXJhABAACAAAxTq9WgAAABEACAAAxgH2rwAAAAEAFACKS1QADlv0AA5a5QAN+tsAAHt9AAIATFN5c3RlbTpVc2VyczpjYXdrYTpEb2N1bWVudHM6UGFwZXJzOlRlaXhlaXJhOkR5bmFtaWNzIG9mIGhvdC1wb3RhIzhBNEExMS5wZGYADgBkADEARAB5AG4AYQBtAGkAYwBzACAAbwBmACAAaABvAHQALQBwAG8AdABhAHQAbwAgAHIAbwB1AHQAaQBuAGcAIABpAG4AIABJAFAAIABuAGUAdAB3AG8AcgBrAHMALgBwAGQAZgAPAA4ABgBTAHkAcwB0AGUAbQASAFdVc2Vycy9jYXdrYS9Eb2N1bWVudHMvUGFwZXJzL1RlaXhlaXJhL0R5bmFtaWNzIG9mIGhvdC1wb3RhdG8gcm91dGluZyBpbiBJUCBuZXR3b3Jrcy5wZGYAABMAAS8AABUAAgAM//8AANIeHyAhWCRjbGFzc2VzWiRjbGFzc25hbWWjISIjXU5TTXV0YWJsZURhdGFWTlNEYXRhWE5TT2JqZWN0XxBRLi4vLi4vRG9jdW1lbnRzL1BhcGVycy9UZWl4ZWlyYS9EeW5hbWljcyBvZiBob3QtcG90YXRvIHJvdXRpbmcgaW4gSVAgbmV0d29ya3MucGRm0h4fJieiJyNcTlNEaWN0aW9uYXJ5AAgAEQAaAB8AKQAyADcAOgA/AEEAUwBcAGIAaQBwAHgAgwCFAIgAigCMAI8AkQCTAJ0AqgCvALcAuQLFAsoC0wLeAuIC8AL3AwADVANZA1wAAAAAAAACAQAAAAAAAAAoAAAAAAAAAAAAAAAAAAADaQ==}}

@conference{andersen2002tib,
	Author = {Andersen, D.G. and Feamster, N. and Bauer, S. and Balakrishnan, H.},
	Booktitle = {Proceedings of the 2nd ACM SIGCOMM Workshop on Internet measurment},
	Date-Added = {2009-04-07 23:36:58 -0700},
	Date-Modified = {2009-04-07 23:36:58 -0700},
	Organization = {ACM New York, NY, USA},
	Pages = {243--248},
	Title = {{Topology inference from BGP routing dynamics}},
	Year = {2002},
	Bdsk-File-1 = {YnBsaXN0MDDUAQIDBAUGCQpYJHZlcnNpb25UJHRvcFkkYXJjaGl2ZXJYJG9iamVjdHMSAAGGoNEHCFRyb290gAFfEA9OU0tleWVkQXJjaGl2ZXKoCwwXGBkdJCVVJG51bGzTDQ4PEBEUViRjbGFzc1dOUy5rZXlzWk5TLm9iamVjdHOAB6ISE4ACgAOiFRaABIAGWWFsaWFzRGF0YVxyZWxhdGl2ZVBhdGjSDRobHFdOUy5kYXRhgAVPEQIEAAAAAAIEAAIAAAZTeXN0ZW0AAAAAAAAAAAAAAAAAAAAAAAAAAADFOkzaSCsAAAAOW/kfVG9wb2xvZ3kgaW5mZXJlbmNlIGYjOEE0OUVGLnBkZgAAAAAAAAAAAAAAAAAAAAAAAAAAAAAAAAAAAAAAAAAAAIpJ78YBlBEAAAAAAAAAAAACAAQAAAkgAAAAAAAAAAAAAAAAAAAACEFuZGVyc2VuABAACAAAxTq9WgAAABEACAAAxgH2gQAAAAEAFAAOW/kADlv0AA5a5QAN+tsAAHt9AAIATFN5c3RlbTpVc2VyczpjYXdrYTpEb2N1bWVudHM6UGFwZXJzOkFuZGVyc2VuOlRvcG9sb2d5IGluZmVyZW5jZSBmIzhBNDlFRi5wZGYADgBiADAAVABvAHAAbwBsAG8AZwB5ACAAaQBuAGYAZQByAGUAbgBjAGUAIABmAHIAbwBtACAAQgBHAFAAIAByAG8AdQB0AGkAbgBnACAAZAB5AG4AYQBtAGkAYwBzAC4AcABkAGYADwAOAAYAUwB5AHMAdABlAG0AEgBWVXNlcnMvY2F3a2EvRG9jdW1lbnRzL1BhcGVycy9BbmRlcnNlbi9Ub3BvbG9neSBpbmZlcmVuY2UgZnJvbSBCR1Agcm91dGluZyBkeW5hbWljcy5wZGYAEwABLwAAFQACAAz//wAA0h4fICFYJGNsYXNzZXNaJGNsYXNzbmFtZaMhIiNdTlNNdXRhYmxlRGF0YVZOU0RhdGFYTlNPYmplY3RfEFAuLi8uLi9Eb2N1bWVudHMvUGFwZXJzL0FuZGVyc2VuL1RvcG9sb2d5IGluZmVyZW5jZSBmcm9tIEJHUCByb3V0aW5nIGR5bmFtaWNzLnBkZtIeHyYnoicjXE5TRGljdGlvbmFyeQAIABEAGgAfACkAMgA3ADoAPwBBAFMAXABiAGkAcAB4AIMAhQCIAIoAjACPAJEAkwCdAKoArwC3ALkCwQLGAs8C2gLeAuwC8wL8A08DVANXAAAAAAAAAgEAAAAAAAAAKAAAAAAAAAAAAAAAAAAAA2Q=}}

@conference{rexford2002brs,
	Author = {Rexford, J. and Wang, J. and Xiao, Z. and Zhang, Y.},
	Booktitle = {Proceedings of the 2nd ACM SIGCOMM Workshop on Internet Measurment},
	Date-Added = {2009-04-07 23:34:28 -0700},
	Date-Modified = {2009-04-07 23:34:28 -0700},
	Organization = {ACM New York, NY, USA},
	Pages = {197--202},
	Title = {{BGP routing stability of popular destinations}},
	Year = {2002},
	Bdsk-File-1 = {YnBsaXN0MDDUAQIDBAUGCQpYJHZlcnNpb25UJHRvcFkkYXJjaGl2ZXJYJG9iamVjdHMSAAGGoNEHCFRyb290gAFfEA9OU0tleWVkQXJjaGl2ZXKoCwwXGBkdJCVVJG51bGzTDQ4PEBEUViRjbGFzc1dOUy5rZXlzWk5TLm9iamVjdHOAB6ISE4ACgAOiFRaABIAGWWFsaWFzRGF0YVxyZWxhdGl2ZVBhdGjSDRobHFdOUy5kYXRhgAVPEQIGAAAAAAIGAAIAAAZTeXN0ZW0AAAAAAAAAAAAAAAAAAAAAAAAAAADFOkzaSCsAAACKSaIfQkdQIHJvdXRpbmcgc3RhYmlsaXQjOEE0OTc4LnBkZgAAAAAAAAAAAAAAAAAAAAAAAAAAAAAAAAAAAAAAAAAAAIpJeMYBk3UAAAAAAAAAAAACAAQAAAkgAAAAAAAAAAAAAAAAAAAAB1JleGZvcmQAABAACAAAxTq9WgAAABEACAAAxgH15QAAAAEAFACKSaIADlv0AA5a5QAN+tsAAHt9AAIAS1N5c3RlbTpVc2VyczpjYXdrYTpEb2N1bWVudHM6UGFwZXJzOlJleGZvcmQ6QkdQIHJvdXRpbmcgc3RhYmlsaXQjOEE0OTc4LnBkZgAADgBkADEAQgBHAFAAIAByAG8AdQB0AGkAbgBnACAAcwB0AGEAYgBpAGwAaQB0AHkAIABvAGYAIABwAG8AcAB1AGwAYQByACAAZABlAHMAdABpAG4AYQB0AGkAbwBuAHMALgBwAGQAZgAPAA4ABgBTAHkAcwB0AGUAbQASAFZVc2Vycy9jYXdrYS9Eb2N1bWVudHMvUGFwZXJzL1JleGZvcmQvQkdQIHJvdXRpbmcgc3RhYmlsaXR5IG9mIHBvcHVsYXIgZGVzdGluYXRpb25zLnBkZgATAAEvAAAVAAIADP//AADSHh8gIVgkY2xhc3Nlc1okY2xhc3NuYW1loyEiI11OU011dGFibGVEYXRhVk5TRGF0YVhOU09iamVjdF8QUC4uLy4uL0RvY3VtZW50cy9QYXBlcnMvUmV4Zm9yZC9CR1Agcm91dGluZyBzdGFiaWxpdHkgb2YgcG9wdWxhciBkZXN0aW5hdGlvbnMucGRm0h4fJieiJyNcTlNEaWN0aW9uYXJ5AAgAEQAaAB8AKQAyADcAOgA/AEEAUwBcAGIAaQBwAHgAgwCFAIgAigCMAI8AkQCTAJ0AqgCvALcAuQLDAsgC0QLcAuAC7gL1Av4DUQNWA1kAAAAAAAACAQAAAAAAAAAoAAAAAAAAAAAAAAAAAAADZg==}}

@techreport{Xu:2003:IPv4-Address,
	Address = {Los Angeles, CA 90095, USA},
	Author = {Zhiguo Xu and Xiaoqiao Meng and Songwu Lu and Lixia Zhang and Cathy J. Wittbrodt},
	Date-Added = {2009-04-06 22:44:44 -0700},
	Date-Modified = {2009-04-06 22:46:45 -0700},
	Institution = {UCLA Computer Science Department},
	Month = {March},
	Number = {TR-03009},
	Title = {{IPv4 Address Allocation and the Evolution of the BGP routing table}},
	Year = {2003},
	Bdsk-File-1 = {YnBsaXN0MDDUAQIDBAUGCQpYJHZlcnNpb25UJHRvcFkkYXJjaGl2ZXJYJG9iamVjdHMSAAGGoNEHCFRyb290gAFfEA9OU0tleWVkQXJjaGl2ZXKoCwwXGBkdJCVVJG51bGzTDQ4PEBEUViRjbGFzc1dOUy5rZXlzWk5TLm9iamVjdHOAB6ISE4ACgAOiFRaABIAGWWFsaWFzRGF0YVxyZWxhdGl2ZVBhdGjSDRobHFdOUy5kYXRhgAVPEQIiAAAAAAIiAAIAAAZTeXN0ZW0AAAAAAAAAAAAAAAAAAAAAAAAAAADFOkzaSCsAAAAOXJ8fSVB2NCBBZGRyZXNzIEFsbG9jYXQjODk5MUYxLnBkZgAAAAAAAAAAAAAAAAAAAAAAAAAAAAAAAAAAAAAAAAAAAImR8cYANPsAAAAAAAAAAAACAAQAAAkgAAAAAAAAAAAAAAAAAAAAAlh1ABAACAAAxTq9WgAAABEACAAAxgCXawAAAAEAFAAOXJ8ADlv0AA5a5QAN+tsAAHt9AAIARlN5c3RlbTpVc2VyczpjYXdrYTpEb2N1bWVudHM6UGFwZXJzOlh1OklQdjQgQWRkcmVzcyBBbGxvY2F0Izg5OTFGMS5wZGYADgCCAEAASQBQAHYANAAgAEEAZABkAHIAZQBzAHMAIABBAGwAbABvAGMAYQB0AGkAbwBuACAAYQBuAGQAIAB0AGgAZQAgAEUAdgBvAGwAdQB0AGkAbwBuACAAbwBmACAAdABoAGUAIABCAEcAUAAgAHIAbwB1AHQAaQBuAGcALgBwAGQAZgAPAA4ABgBTAHkAcwB0AGUAbQASAGBVc2Vycy9jYXdrYS9Eb2N1bWVudHMvUGFwZXJzL1h1L0lQdjQgQWRkcmVzcyBBbGxvY2F0aW9uIGFuZCB0aGUgRXZvbHV0aW9uIG9mIHRoZSBCR1Agcm91dGluZy5wZGYAEwABLwAAFQACAAz//wAA0h4fICFYJGNsYXNzZXNaJGNsYXNzbmFtZaMhIiNdTlNNdXRhYmxlRGF0YVZOU0RhdGFYTlNPYmplY3RfEFouLi8uLi9Eb2N1bWVudHMvUGFwZXJzL1h1L0lQdjQgQWRkcmVzcyBBbGxvY2F0aW9uIGFuZCB0aGUgRXZvbHV0aW9uIG9mIHRoZSBCR1Agcm91dGluZy5wZGbSHh8mJ6InI1xOU0RpY3Rpb25hcnkACAARABoAHwApADIANwA6AD8AQQBTAFwAYgBpAHAAeACDAIUAiACKAIwAjwCRAJMAnQCqAK8AtwC5At8C5ALtAvgC/AMKAxEDGgN3A3wDfwAAAAAAAAIBAAAAAAAAACgAAAAAAAAAAAAAAAAAAAOM}}

@techreport{Meng:2003:An-analysis-of-BGP-routing,
	Address = {Los Angeles, CA 90095, USA},
	Author = {Meng, X. and Xu, Z. and Zhang, L. and Lu, S.},
	Date-Added = {2009-04-06 22:42:34 -0700},
	Date-Modified = {2009-04-06 22:46:41 -0700},
	Institution = {UCLA Computer Science Department},
	Month = {October},
	Number = {TR-30046},
	Title = {{An analysis of BGP routing table evolution}},
	Year = {2003},
	Bdsk-File-1 = {YnBsaXN0MDDUAQIDBAUGCQpYJHZlcnNpb25UJHRvcFkkYXJjaGl2ZXJYJG9iamVjdHMSAAGGoNEHCFRyb290gAFfEA9OU0tleWVkQXJjaGl2ZXKoCwwXGBkdJCVVJG51bGzTDQ4PEBEUViRjbGFzc1dOUy5rZXlzWk5TLm9iamVjdHOAB6ISE4ACgAOiFRaABIAGWWFsaWFzRGF0YVxyZWxhdGl2ZVBhdGjSDRobHFdOUy5kYXRhgAVPEQHyAAAAAAHyAAIAAAZTeXN0ZW0AAAAAAAAAAAAAAAAAAAAAAAAAAADFOkzaSCsAAACJknIfQW4gYW5hbHlzaXMgb2YgQkdQIHIjOEEyNzhGLnBkZgAAAAAAAAAAAAAAAAAAAAAAAAAAAAAAAAAAAAAAAAAAAIonj8YANVFQREYgAAAAAAACAAQAAAkgAAAAAAAAAAAAAAAAAAAABE1lbmcAEAAIAADFOr1aAAAAEQAIAADGAJfBAAAAAQAUAImScgAOW/QADlrlAA362wAAe30AAgBIU3lzdGVtOlVzZXJzOmNhd2thOkRvY3VtZW50czpQYXBlcnM6TWVuZzpBbiBhbmFseXNpcyBvZiBCR1AgciM4QTI3OEYucGRmAA4AXgAuAEEAbgAgAGEAbgBhAGwAeQBzAGkAcwAgAG8AZgAgAEIARwBQACAAcgBvAHUAdABpAG4AZwAgAHQAYQBiAGwAZQAgAGUAdgBvAGwAdQB0AGkAbwBuAC4AcABkAGYADwAOAAYAUwB5AHMAdABlAG0AEgBQVXNlcnMvY2F3a2EvRG9jdW1lbnRzL1BhcGVycy9NZW5nL0FuIGFuYWx5c2lzIG9mIEJHUCByb3V0aW5nIHRhYmxlIGV2b2x1dGlvbi5wZGYAEwABLwAAFQACAAz//wAA0h4fICFYJGNsYXNzZXNaJGNsYXNzbmFtZaMhIiNdTlNNdXRhYmxlRGF0YVZOU0RhdGFYTlNPYmplY3RfEEouLi8uLi9Eb2N1bWVudHMvUGFwZXJzL01lbmcvQW4gYW5hbHlzaXMgb2YgQkdQIHJvdXRpbmcgdGFibGUgZXZvbHV0aW9uLnBkZtIeHyYnoicjXE5TRGljdGlvbmFyeQAIABEAGgAfACkAMgA3ADoAPwBBAFMAXABiAGkAcAB4AIMAhQCIAIoAjACPAJEAkwCdAKoArwC3ALkCrwK0Ar0CyALMAtoC4QLqAzcDPAM/AAAAAAAAAgEAAAAAAAAAKAAAAAAAAAAAAAAAAAAAA0w=}}

@article{Meng:2005:IPv4-address,
	Author = {Meng, X. and Zhang, B. and Huston, G. and Lu, S.},
	Date-Added = {2009-04-06 22:41:57 -0700},
	Date-Modified = {2009-04-06 22:44:31 -0700},
	Journal = {ACM SIGCOMM Computer Communication Review Special Issue on Internet Vital Statistics},
	Month = {January},
	Number = {1},
	Pages = {71--80},
	Publisher = {ACM New York, NY, USA},
	Title = {{IPv4 address allocation and the BGP routing table evolution}},
	Volume = {35},
	Year = {2005},
	Bdsk-File-1 = {YnBsaXN0MDDUAQIDBAUGCQpYJHZlcnNpb25UJHRvcFkkYXJjaGl2ZXJYJG9iamVjdHMSAAGGoNEHCFRyb290gAFfEA9OU0tleWVkQXJjaGl2ZXKoCwwXGBkdJCVVJG51bGzTDQ4PEBEUViRjbGFzc1dOUy5rZXlzWk5TLm9iamVjdHOAB6ISE4ACgAOiFRaABIAGWWFsaWFzRGF0YVxyZWxhdGl2ZVBhdGjSDRobHFdOUy5kYXRhgAVPEQIIAAAAAAIIAAIAAAZTeXN0ZW0AAAAAAAAAAAAAAAAAAAAAAAAAAADFOkzaSCsAAACJknIfSVB2NCBhZGRyZXNzIGFsbG9jYXQjOEEyQkU0LnBkZgAAAAAAAAAAAAAAAAAAAAAAAAAAAAAAAAAAAAAAAAAAAIor5MYANXdQREYgAAAAAAACAAQAAAkgAAAAAAAAAAAAAAAAAAAABE1lbmcAEAAIAADFOr1aAAAAEQAIAADGAJfnAAAAAQAUAImScgAOW/QADlrlAA362wAAe30AAgBIU3lzdGVtOlVzZXJzOmNhd2thOkRvY3VtZW50czpQYXBlcnM6TWVuZzpJUHY0IGFkZHJlc3MgYWxsb2NhdCM4QTJCRTQucGRmAA4AbAA1AEkAUAB2ADQAIABhAGQAZAByAGUAcwBzACAAYQBsAGwAbwBjAGEAdABpAG8AbgAgAGEAbgBkACAAdABoAGUAIABCAEcAUAAgAHIAbwB1AHQAaQBuAGcAIAB0AGEAYgBsAGUALgBwAGQAZgAPAA4ABgBTAHkAcwB0AGUAbQASAFdVc2Vycy9jYXdrYS9Eb2N1bWVudHMvUGFwZXJzL01lbmcvSVB2NCBhZGRyZXNzIGFsbG9jYXRpb24gYW5kIHRoZSBCR1Agcm91dGluZyB0YWJsZS5wZGYAABMAAS8AABUAAgAM//8AANIeHyAhWCRjbGFzc2VzWiRjbGFzc25hbWWjISIjXU5TTXV0YWJsZURhdGFWTlNEYXRhWE5TT2JqZWN0XxBRLi4vLi4vRG9jdW1lbnRzL1BhcGVycy9NZW5nL0lQdjQgYWRkcmVzcyBhbGxvY2F0aW9uIGFuZCB0aGUgQkdQIHJvdXRpbmcgdGFibGUucGRm0h4fJieiJyNcTlNEaWN0aW9uYXJ5AAgAEQAaAB8AKQAyADcAOgA/AEEAUwBcAGIAaQBwAHgAgwCFAIgAigCMAI8AkQCTAJ0AqgCvALcAuQLFAsoC0wLeAuIC8AL3AwADVANZA1wAAAAAAAACAQAAAAAAAAAoAAAAAAAAAAAAAAAAAAADaQ==}}
